@ELECTRONIC{cookie,
  title = {HTTP cookie},
  howpublished = {\url{http://en.wikipedia.org/wiki/HTTP_cookie}},
  key = {1}
}

@ELECTRONIC{whatOffline,
  author = {Michael Mahemoff},
  month = {October},
  year = {2013},
  title = {Offline: What does it mean and why should I care?},
  howpublished = {\url{http://www.html5rocks.com/en/tutorials/offline/whats-offline/}},
  timestamp = {2012.11.29},
  key = {2}
}

@ELECTRONIC{pamiecPodreczna,
  title = {Pamięć podręczna},
  howpublished = {\url{http://pl.wikipedia.org/wiki/Pami%C4%99%C4%87_podr%C4%99czna}},
  key = {3}
}

@ELECTRONIC{cache,
  author = {Mark Nottingham},
  month = {May},
  year = {2013},
  title = {Caching Tutorial for {Web} {Authors} and {Webmasters}},
  howpublished = {\url{https://www.mnot.net/cache_docs/}},
  timestamp = {2013.05.06},
  key = {4}
}

@ELECTRONIC{html5Off,
  author = {Paul Kinlan},
  month = {June},
  year = {2011},
  title = {Working Off the Grid with {HTML5} {Offline}},
  howpublished = {\url{http://www.html5rocks.com/en/mobile/workingoffthegrid/}},
  timestamp = {2011.06.01},
  key = {5}
}

@ELECTRONIC{xhr,
  title = {XML{Http}{Request}},
  howpublished = {\url{http://pl.wikipedia.org/wiki/XMLHttpRequest}},
  key = {6}
}

@ELECTRONIC{restTut,
  author = {Dr. M. Elkstein},
  title = {Learn {REST}: {A} {Tutorial}},
  howpublished = {\url{http://rest.elkstein.org/}},
  key = {7}
}

@ELECTRONIC{rest2,
  author = {Patryk Jar},
  month = {July},
  year = {2012},
  title = {REST – ciekawszy sposób na komunikację client-server},
  howpublished = {\url{http://www.yarpo.pl/2012/07/29/rest-ciekawszy-sposob-na-komunikacje-client-server/#more-1626}},
  timestamp = {2012.07.29},
  key = {8}
}

@ELECTRONIC{rest3,
  author = {Jerzy Brzeziński, Cezary Sobaniec},
  title = {Usługi sieciowe REST},
  howpublished = {\url{https://www.soa.edu.pl/c/document_library/get_file?uuid=46b0faf6-6743-4184-ab16-dbddfd413685&groupId=10122}},
  key = {9}
}

@ELECTRONIC{rest4,
  title = {Architektura {REST}},
  howpublished = {\url{http://www.slideshare.net/GeekGirlsCarrotsPoznan/architektura-rest}},
  key = {10}
}

@ELECTRONIC{html5Valid,
  title = {HTML: {HTML5} {Form} {Validation} {Examples}},
  howpublished = {\url{http://www.the-art-of-web.com/html/html5-form-validation/}},
  key = {11}
}

@ELECTRONIC{bootstrap,
  title = {Bootstrap},
  howpublished = {\url{http://getbootstrap.com/}},
  key = {12}
}

@ELECTRONIC{underscore,
  title = {Underscore.js},
  howpublished = {\url{http://underscorejs.org/}},
  key = {13}
}

@ELECTRONIC{sameOrigin,
  title = {Same-origin policy},
  howpublished = {\url{http://en.wikipedia.org/wiki/Same-origin_policy}},
  key = {14}
}

@ELECTRONIC{webSqlDb,
  title = {Web SQL Database},
  howpublished = {\url{http://www.w3.org/TR/webdatabase/}},
  key = {15}
}

@ELECTRONIC{webStorage,
  title = {Web Storage},
  howpublished = {\url{http://www.w3.org/TR/webstorage/}},
  key = {16}
}

@ELECTRONIC{indexedDb,
  title = {Indexed Database API},
  howpublished = {\url{http://www.w3.org/TR/IndexedDB/}},
  key = {17}
}

@ELECTRONIC{filesystemApi,
  title = {File API: Directories and System},
  howpublished = {\url{http://www.w3.org/TR/file-system-api/}},
  key = {18}
}

@ELECTRONIC{codeigniterUserGuide,
  title = {CodeIgniter User Guide},
  howpublished = {\url{https://ellislab.com/codeigniter/user-guide/}},
  key = {19}
}

@ELECTRONIC{ciActiveRecord,
  title = {Active Record Class},
  howpublished = {\url{https://ellislab.com/codeigniter/user-guide/database/active_record.html}},
  key = {20}
}

@ELECTRONIC{html5,
  title = {HTML5},
  howpublished = {\url{http://www.w3.org/TR/html5/}},
  key = {21}
}

@ELECTRONIC{json,
  author = {Jason Lengstorf},
  month = {June},
  year = {2009},
  title = {JSON: What It Is, How It Works, & How to Use It},
  howpublished = {\url{http://www.copterlabs.com/blog/json-what-it-is-how-it-works-how-to-use-it/}},
  key = {22}
}

@ELECTRONIC{https,
  title = {HTTP Secure},
  howpublished = {\url{http://en.wikipedia.org/wiki/HTTP_Secure}},
  key = {23}
}


